<?xml version="1.0" encoding="UTF-8"?>
<record xmlns="http://www.loc.gov/MARC21/slim" xmlns:xsi="http://www.w3.org/2001/XMLSchema-instance" xsi:schemaLocation="http://www.loc.gov/MARC21/slim http://www.loc.gov/standards/marcxml/schema/MARC21slim.xsd">
<leader>00000cam a22      a 4500</leader>
<controlfield tag="001">001679111</controlfield>
<controlfield tag="003">NNU</controlfield>
<controlfield tag="005">20160107160224.0</controlfield>
<controlfield tag="008">890329s1961    sy a          000 0 arar</controlfield>
<datafield tag="010" ind1=" " ind2=" ">
<subfield code="a">ne 64000246</subfield>
</datafield>
<datafield tag="035" ind1=" " ind2=" ">
<subfield code="a">(OCoLC)19475151</subfield>
</datafield>
<datafield tag="040" ind1=" " ind2=" ">
<subfield code="a">DLC</subfield>
<subfield code="b">eng</subfield>
<subfield code="c">CUY</subfield>
<subfield code="d">DLC</subfield>
<subfield code="d">HIN</subfield>
<subfield code="d">OCLCF</subfield>
<subfield code="d">OCLCQ</subfield>
<subfield code="d">OCLCO</subfield>
<subfield code="d">NNU</subfield>
</datafield>
<datafield tag="042" ind1=" " ind2=" ">
<subfield code="a">premarc</subfield>
</datafield>
<datafield tag="043" ind1=" " ind2=" ">
<subfield code="a">a-sy---</subfield>
</datafield>
<datafield tag="050" ind1="0" ind2="0">
<subfield code="a">GT2786.S9</subfield>
<subfield code="b">A55</subfield>
</datafield>
<datafield tag="110" ind1="1" ind2=" ">
<subfield code="6">880-01</subfield>
<subfield code="a">Syria.</subfield>
<subfield code="b">Wizārat al-Thaqāfah wa-al-Irshād al-Qawmī.</subfield>
</datafield>
<datafield tag="245" ind1="1" ind2="0">
<subfield code="6">880-02</subfield>
<subfield code="a">Taqālīd al-zawāj fī al-iqlīm al-Sūrī.</subfield>
</datafield>
<datafield tag="260" ind1=" " ind2=" ">
<subfield code="6">880-03</subfield>
<subfield code="a">[Dimashq] :</subfield>
<subfield code="b">Dāʼirat al-Funūn al-Shaʻbīyah,</subfield>
<subfield code="c">[1961]</subfield>
</datafield>
<datafield tag="300" ind1=" " ind2=" ">
<subfield code="a">183 pages</subfield>
<subfield code="b">illustrations</subfield>
<subfield code="c">24 cm</subfield>
</datafield>
<datafield tag="336" ind1=" " ind2=" ">
<subfield code="a">text</subfield>
<subfield code="b">txt</subfield>
<subfield code="2">rdacontent</subfield>
</datafield>
<datafield tag="337" ind1=" " ind2=" ">
<subfield code="a">unmediated</subfield>
<subfield code="b">n</subfield>
<subfield code="2">rdamedia</subfield>
</datafield>
<datafield tag="338" ind1=" " ind2=" ">
<subfield code="a">volume</subfield>
<subfield code="b">nc</subfield>
<subfield code="2">rdacarrier</subfield>
</datafield>
<datafield tag="500" ind1=" " ind2=" ">
<subfield code="a">At head of title: Wizārat al-Thaqāfah wa-al-Irshād al-Qawmī lil-Iqlīm al-Sūrī.</subfield>
</datafield>
<datafield tag="650" ind1=" " ind2="0">
<subfield code="a">Marriage customs and rites</subfield>
<subfield code="z">Syria.</subfield>
</datafield>
<datafield tag="650" ind1=" " ind2="7">
<subfield code="a">Marriage customs and rites.</subfield>
<subfield code="2">fast</subfield>
<subfield code="0">(OCoLC)fst01010592</subfield>
</datafield>
<datafield tag="651" ind1=" " ind2="7">
<subfield code="a">Syria.</subfield>
<subfield code="2">fast</subfield>
<subfield code="0">(OCoLC)fst01208757</subfield>
</datafield>
<datafield tag="776" ind1="0" ind2="8">
<subfield code="i">Online version:</subfield>
<subfield code="a">Syria. Wizārat al-Thaqāfah wa-al-Irshād al-Qawmī.</subfield>
<subfield code="t">Taqālīd al-zawāj fī al-iqlīm al-Sūrī.</subfield>
<subfield code="d">[Dimashq] Dāʼirat al-Funūn al-Shaʻbīyah, [1961]</subfield>
<subfield code="w">(OCoLC)581768452</subfield>
</datafield>
<datafield tag="880" ind1="1" ind2=" ">
<subfield code="6">110-01/</subfield>
<subfield code="a">سورية.</subfield>
<subfield code="b">وزارة الثقافة والارشاد القومي.</subfield>
</datafield>
<datafield tag="880" ind1="1" ind2="0">
<subfield code="6">245-02/</subfield>
<subfield code="a">تقاليد الزواج في الإقليم السوري.</subfield>
</datafield>
<datafield tag="880" ind1=" " ind2=" ">
<subfield code="6">260-03/</subfield>
<subfield code="a">[دمشق] :</subfield>
<subfield code="b">دائرة الفنون الشعبية،</subfield>
<subfield code="c">[1961]</subfield>
</datafield>
<datafield tag="OWN" ind1=" " ind2=" ">
<subfield code="a">GENERAL</subfield>
</datafield>
<datafield tag="AVA" ind1=" " ind2=" ">
<subfield code="a">NYU50</subfield>
<subfield code="b">BOBST</subfield>
<subfield code="c">Main Collection</subfield>
<subfield code="d">GT2786.S9 A55</subfield>
<subfield code="e">unavailable</subfield>
<subfield code="t">Unavailable</subfield>
<subfield code="f">1</subfield>
<subfield code="g">1</subfield>
<subfield code="h">N</subfield>
<subfield code="i">0</subfield>
<subfield code="j">MAIN</subfield>
<subfield code="k">0</subfield>
</datafield>
</record>
